@misc{CodigoSite,
   author = {Autor(es)},
   title =  {Nome da referencia},
   year = {Ano da pagina},
   howpublished = {http://www.fe.up.pt},
   note = {Online em Setembro 2011}
}

@BOOK{CodigoLivro,
   author = {Donald E. Knuth},
   title= {The {{\TeX}book}},
   publisher = {Addison-Wesley},
   year = {1984}
}

% ver formatacoes em http://en.wikibooks.org/wiki/LaTeX/Bibliography_Management ou http://en.wikipedia.org/wiki/BibTeX ou noutro site